@online{barlow:wine,
	url = {https://www.eff.org/pages/selling-wine-without-bottles-economy-mind-global-net},
	title = {Selling Wine Without Bottles},
	subtitle = {The Economy of Mind on the Global Net},
	author = {John Perry Barlow},
}

@online{stallman:right-to-read,
	url = {https://www.gnu.org/philosophy/right-to-read.html},
	title = {The Right to Read},
	author = {Richard Stallman},
}

@article{lemley:faith-based,
	author = {Mark A. Lemley},
	title = {Faith-Based Intellectual Property},
	journal = {UCLA Law Review},
	year = {2015},
	month = {6},
	volume = {62},
	issue = {5},
	pages = {1328--1346},
}

@article{michael:catholic-thought,
 ISSN = {07480814},
 URL = {http://www.jstor.org/stable/20789489},
 author = {Gabriel J. Michael},
 journal = {Journal of Law and Religion},
 number = {2},
 pages = {415--451},
 publisher = {Cambridge University Press},
 title = {Catholic Thought and Intellectual Property},
 subtitle = {Learning from the Ethics of Obligation},
 urldate = {2024-01-30},
 volume = {25},
 year = {2009},
}


@book{darnton:pirating-and-publishing,
	author = {Darnton, Robert},
	address = {New York, NY},
	booktitle = {Pirating and Publishing: The book trade in the age of Enlightenment},
	isbn = {9780195144529},
	language = {eng},
	lccn = {2020022939},
	publisher = {Oxford University Press},
	title = {Pirating and publishing : the book trade in the age of Enlightenment },
	year = {2021 - 2021},
}

@article{bernstein:elsewhere-in-science,
	author = {Bernstein, Rachel},
	issn = {0036-8075},
	journal = {Science (American Association for the Advancement of Science)},
	language = {eng},
	publisher = {American Association for the Advancement of Science (AAAS)},
	title = {Elsewhere in Science: Pirating papers, handling harassment, and more},
	year = {2016},
}


@article{TillBrianM2019Wipm,
	author = {Till, Brian M and Rudolfson, Niclas and Saluja, Saurabh and Gnanaraj, Jesudian and Samad, Lubna and Ljungman, David and Shrime, Mark},
	address = {England},
	copyright = {2019 The Author(s). Published by Elsevier Ltd. This is an Open Access article under the CC BY-NC-ND 4.0 license},
	issn = {2214-109X},
	journal = {The Lancet global health},
	language = {eng},
	number = {1},
	pages = {e30-e31},
	publisher = {Elsevier Ltd},
	title = {Who is pirating medical literature? A bibliometric review of 28 million Sci-Hub downloads},
	volume = {7},
	year = {2019},
}


@book{alma991155605803805816,
	address = {Washington},
	language = {eng},
	organization = {United States. Congress. Senate. Committee on Banking, Housing, and Urban Affairs. Subcommittee on Security and International Trade and Finance.},
	publisher = {U.S. G.P.O.},
	series = {S. hrg. ; 110-912},
	title = {Pirating the American dream intellectual property theft's impact on America's place in the global economy and strategies for improving enforcement : hearing before the Subcommittee on Security and International Trade and Finance of the Committee on Banking, Housing, and Urban Affairs, United States Senate, One Hundred Ninth Congress, second session [i.e. One Hundred Tenth Congress, first session] ... Thursday, April 12, 2007.},
	year = {2009},
}


@article{phau:pirating-pirates,
	author = {Phau, Ian and Teah, Min and Lwin, Michael},
	address = {Helensburg},
	copyright = {2013 Westburn Publishers Ltd. 2013},
	issn = {0267-257X},
	journal = {Journal of marketing management},
	language = {eng},
	number = {3-4},
	pages = {312-333},
	publisher = {Routledge},
	title = {Pirating Pirates of the Caribbean: The curse of cyberspace},
	volume = {30},
	year = {2014},
}


@article{dombrovsky:pirating-modernism,
	author = {Dombrovsky, Igor},
	copyright = {2016 Indiana University Press},
	issn = {0022-281X},
	journal = {Journal of Modern Literature},
	language = {eng},
	number = {2},
	pages = {171-179},
	publisher = {Indiana University Press},
	title = {Pirating Modernism: Without Copyrights by Robert Spoo},
	volume = {39},
	year = {2016},
}


@article{zeller:from-the-gene,
	author = {Zeller, Christian},
	address = {London},
	copyright = {Copyright Taylor \& Francis Group, LLC 2008},
	issn = {0969-2290},
	journal = {Review of international political economy : RIPE},
	language = {eng},
	number = {1},
	pages = {86-115},
	publisher = {Taylor \& Francis Group},
	title = {From the gene to the globe: Extracting rents based on intellectual property monopolies},
	volume = {15},
	year = {2008},
}


@book{colombatto:elgar-companion,
	author = {Colombatto, Enrico.},
	address = {Cheltenham, UK ;},
	booktitle = {The Elgar companion to the economics of property rights},
	isbn = {1840649941},
	language = {eng},
	lccn = {2004041176},
	publisher = {E. Elgar},
	title = {The Elgar companion to the economics of property rights},
	year = {2004},
}


@book{cochran:agape,
	author = {Cochran, Robert F. and Calo, Zachary R.},
	address = {Cambridge, United Kingdom ;},
	booktitle = {Agape, justice, and law : how might Christian love shape law?},
	isbn = {9781107175280},
	language = {eng},
	lccn = {2017006682},
	publisher = {Cambridge University Press},
	series = {Law and Christianity},
	title = {Agape, justice, and law : how might Christian love shape law? },
	year = {2017 - 2017},
}


@article{kiedaisch:growth-and-welfare,
	author = {Kiedaisch, Christian},
	address = {Berlin/Heidelberg},
	copyright = {Springer-Verlag GmbH Germany, part of Springer Nature 2020},
	issn = {0938-2259},
	journal = {Economic theory},
	language = {eng},
	number = {4},
	pages = {1121-1170},
	publisher = {Springer Berlin Heidelberg},
	title = {Growth and welfare effects of intellectual property rights when consumers differ in income},
	volume = {72},
	year = {2021},
}
